<?xml version="1.0" encoding="UTF-8"?><record xmlns="http://www.loc.gov/MARC21/slim" xmlns:cinclude="http://apache.org/cocoon/include/1.0" xmlns:zs="http://www.loc.gov/zing/srw/">
  <leader>00910cz  a2200241n  4500</leader>
  <controlfield tag="001">no2013094093</controlfield>
  <controlfield tag="003">DLC</controlfield>
  <controlfield tag="005">20130920074010.0</controlfield>
  <controlfield tag="008">130903n| azannaabn          |n aaa     c</controlfield>
  <datafield tag="010" ind1=" " ind2=" ">
    <subfield code="a">no2013094093</subfield>
  </datafield>
  <datafield tag="035" ind1=" " ind2=" ">
    <subfield code="a">(OCoLC)oca09557825</subfield>
  </datafield>
  <datafield tag="040" ind1=" " ind2=" ">
    <subfield code="a">OkU</subfield>
    <subfield code="b">eng</subfield>
    <subfield code="e">rda</subfield>
    <subfield code="c">OkU</subfield>
    <subfield code="d">OkU</subfield>
    <subfield code="d">IEN</subfield>
  </datafield>
  <datafield tag="046" ind1=" " ind2=" ">
    <subfield code="f">1952</subfield>
  </datafield>
  <datafield tag="100" ind1="1" ind2=" ">
    <subfield code="a">Becker, Thomas,</subfield>
    <subfield code="d">1952-</subfield>
  </datafield>
  <datafield tag="373" ind1=" " ind2=" ">
    <subfield code="a">Zephyr Associates</subfield>
    <subfield code="s">1997</subfield>
    <subfield code="t">2012</subfield>
    <subfield code="u">http://thbecker.net/professional/resume.html</subfield>
  </datafield>
  <datafield tag="373" ind1=" " ind2=" ">
    <subfield code="a">UniversitaĚt Passau</subfield>
    <subfield code="2">naf</subfield>
    <subfield code="s">1988</subfield>
    <subfield code="t">1993</subfield>
    <subfield code="u">http://thbecker.net/professional/resume.html</subfield>
  </datafield>
  <datafield tag="373" ind1=" " ind2=" ">
    <subfield code="a">University of New Orleans</subfield>
    <subfield code="2">naf</subfield>
    <subfield code="s">1983</subfield>
    <subfield code="t">1988</subfield>
    <subfield code="u">http://thbecker.net/professional/resume.html</subfield>
  </datafield>
  <datafield tag="374" ind1=" " ind2=" ">
    <subfield code="a">Mathematicians</subfield>
    <subfield code="2">lcsh</subfield>
  </datafield>
  <datafield tag="375" ind1=" " ind2=" ">
    <subfield code="a">male</subfield>
  </datafield>
  <datafield tag="377" ind1=" " ind2=" ">
    <subfield code="a">eng</subfield>
  </datafield>
  <datafield tag="667" ind1=" " ind2=" ">
    <subfield code="a">Formerly under undifferentiated name heading: n  92101901</subfield>
  </datafield>
  <datafield tag="670" ind1=" " ind2=" ">
    <subfield code="a">GroĚbner bases, 1993:</subfield>
    <subfield code="b">CIP t.p. (Thomas Becker)</subfield>
  </datafield>
  <datafield tag="670" ind1=" " ind2=" ">
    <subfield code="a">E-mail from author, Aug. 30, 2013:</subfield>
    <subfield code="b">(b. 1952; no other books)</subfield>
  </datafield>
</record>